<collection>
  <record>
    <controlfield tag="001">1200</controlfield>
    <datafield tag="110" ind1=" " ind2=" ">
      <subfield code="a">ALICE Collaboration</subfield>
    </datafield>
    <datafield tag="245" ind1=" " ind2=" ">
      <subfield code="a">ALICE simple analysis demonstrator</subfield>
    </datafield>
    <datafield tag="256" ind1=" " ind2=" ">
      <subfield code="a">Software</subfield>
      <subfield code="f">1</subfield>
      <subfield code="t">file</subfield>
    </datafield>
    <datafield tag="256" ind1=" " ind2=" ">
      <subfield code="b">2086046</subfield>
      <subfield code="t">bytes in total</subfield>
    </datafield>
    <datafield tag="260" ind1=" " ind2=" ">
      <subfield code="b">CERN Open Data Portal</subfield>
      <subfield code="c">2012</subfield>
    </datafield>
    <datafield tag="520" ind1=" " ind2=" ">
      <subfield code="a"><![CDATA[ <p> Using the ALICE analysis framework
      <br/>ALICE physicists use custom tools that facilitate the analysis of real or simulated ALICE data samples. This example demonstrates the use of the ALICE analysis framework on small samples of both pp and PbPb data taken in the year 2010. The user analysis is represented by a C++ class, which has to implement a few predefined methods to process one interaction event. A template analysis class extracting the inclusive transverse momentum and pseudorapidity spectra of all tracks can be modified to create your own analysis. </p> ]]></subfield>
    </datafield>
    <datafield tag="581" ind1=" " ind2=" ">
      <subfield code="a">This example requires further reading on the ALICE event data model, which can be found here:</subfield>
      <subfield code="u">http://aliweb.cern.ch/Offline/Activities/Analysis/AnalysisFramework/index.html</subfield>
      <subfield code="y">The Analysis Framework</subfield>
    </datafield>
    <datafield tag="693" ind1=" " ind2=" ">
      <subfield code="a">CERN-LHC</subfield>
      <subfield code="e">ALICE</subfield>
    </datafield>
    <datafield tag="856" ind1="7" ind2=" ">
      <subfield code="2">xrootd</subfield>
      <subfield code="u">root://eospublic.cern.ch//eos/opendata/alice/modules/PtAnalysis.tgz</subfield>
      <subfield code="s">2086046</subfield>
    </datafield>
    <datafield tag="980" ind1=" " ind2=" ">
      <subfield code="a">ALICE-Tools</subfield>
    </datafield>
  </record>