
  <record>
    <controlfield tag="001">1201</controlfield>
    <datafield tag="110" ind1=" " ind2=" ">
      <subfield code="a">ALICE Collaboration</subfield>
    </datafield>
    <datafield tag="245" ind1=" " ind2=" ">
      <subfield code="a">ALICE strangeness masterclass module</subfield>
    </datafield>
    <datafield tag="256" ind1=" " ind2=" ">
      <subfield code="a">Software</subfield>
      <subfield code="f">1</subfield>
      <subfield code="t">file</subfield>
    </datafield>
    <datafield tag="256" ind1=" " ind2=" ">
      <subfield code="b">31139203</subfield>
      <subfield code="t">bytes in total</subfield>
    </datafield>
    <datafield tag="260" ind1=" " ind2=" ">
      <subfield code="b">CERN Open Data Portal</subfield>
      <subfield code="c">2012</subfield>
    </datafield>
    <datafield tag="520" ind1=" " ind2=" ">
      <subfield code="a"><![CDATA[ <p> Looking for strange particles in ALICE<br/>The exercise proposed here consists of a search for strange particles, produced from collisions at the LHC and recorded by the ALICE experiment. It is based on the recognition of their V0-decays, such as Kos → π+π-, Λ→ p + π- and cascades, such as Ξ- → Λ + π- ( Λ → p + π-). The identification of the strange particles is based on the topology of their decay combined with the identification of the decay products; the information from the tracks is used to calculate the invariant mass of the decaying particle, as an additional confirmation of the particle species. You will have to identify the decay products and based on their momenta calculate the invariant mass to identify the decaying particle. </p> ]]></subfield>
    </datafield>
    <datafield tag="581" ind1=" " ind2=" ">
      <subfield code="a">A more detailed tutorial can be found here:</subfield>
      <subfield code="u">http://alice.physicsmasterclasses.org/MasterClassWebpage.html</subfield>
      <subfield code="y">Looking for strange particles in ALICE</subfield>
    </datafield>
    <datafield tag="653" ind1="1" ind2=" ">
      <subfield code="a">masterclasses</subfield>
    </datafield>
    <datafield tag="693" ind1=" " ind2=" ">
      <subfield code="a">CERN-LHC</subfield>
      <subfield code="e">ALICE</subfield>
    </datafield>
    <datafield tag="856" ind1="7" ind2=" ">
      <subfield code="2">xrootd</subfield>
      <subfield code="u">root://eospublic.cern.ch//eos/opendata/alice/modules/alice-mc.tgz</subfield>
      <subfield code="s">31139203</subfield>
    </datafield>
    <datafield tag="980" ind1=" " ind2=" ">
      <subfield code="a">ALICE-Tools</subfield>
    </datafield>
  </record>