
  <record>
    <controlfield tag="001">1202</controlfield>
    <datafield tag="110" ind1=" " ind2=" ">
      <subfield code="a">ALICE Collaboration</subfield>
    </datafield>
    <datafield tag="245" ind1=" " ind2=" ">
      <subfield code="a">ALICE nuclear modification factor masterclass</subfield>
    </datafield>
    <datafield tag="256" ind1=" " ind2=" ">
      <subfield code="a">Software</subfield>
      <subfield code="f">1</subfield>
      <subfield code="t">file</subfield>
    </datafield>
    <datafield tag="256" ind1=" " ind2=" ">
      <subfield code="b">15470107</subfield>
      <subfield code="t">bytes in total</subfield>
    </datafield>
    <datafield tag="260" ind1=" " ind2=" ">
      <subfield code="b">CERN Open Data Portal</subfield>
      <subfield code="c">2012</subfield>
    </datafield>
    <datafield tag="520" ind1=" " ind2=" ">
      <subfield code="a"><![CDATA[ <p> Nuclear Modication Factor RAA <br/>In the year 2010, data from the first heavy-ion collisions at the LHC have been recorded by the experiments. The ALICE experiment, which is well suited for the measurement of the properties of particles in high particle density environments, has measured the nuclear modification factor RAA for unidentified charged particles. RAA is a measure for the difference in particle production in pp and nucleus-nucleus collisions, taking into account the different collision geometries. RAA is defined as:<br/>RAA=Y(PbPb)/Y(pp)<br/>where Y(PbPb) and Y(pp) are the yields (or number of particles per event) in PbPb and pp collisions, respectively, and is the average number of so-called binary nucleon-nucleon collisions, which have taken place in the collision of two lead ions. Since each lead nucleus consists of 208 nucleons, i.e. protons and neutrons, it is clear that a typical PbPb collision can be seen as a superposition of many pp collisions. RAA, which can be determined in the experiment, measures how many pp collisions should be equivalent on average to one PbPb collision.<br/>If the nuclear modification factor is equal to one, the production of particles in one PbPb collision on average is the same as in independent pp collisions. Naively, this could be interpreted such that the physics of pp and PbPb collisions is the same. RAA values other than one, showing enhancement or suppression of certain flavours, may indicate effects induced by the quark-gluon plasma (QGP). </p>]]></subfield>
    </datafield>
    <datafield tag="581" ind1=" " ind2=" ">
      <subfield code="a">A more detailed tutorial can be found here:</subfield>
      <subfield code="u">http://www-alice.gsi.de/masterclass/MasterClassWebpage_files/MasterClassBody_data/DocumentationEnVersion1.pdf</subfield>
      <subfield code="y">Measurement of the nuclear modication factor RAA with ALICE</subfield>
    </datafield>
    <datafield tag="653" ind1="1" ind2=" ">
      <subfield code="a">masterclasses</subfield>
    </datafield>
    <datafield tag="693" ind1=" " ind2=" ">
      <subfield code="a">CERN-LHC</subfield>
      <subfield code="e">ALICE</subfield>
    </datafield>
    <datafield tag="856" ind1="7" ind2=" ">
      <subfield code="2">xrootd</subfield>
      <subfield code="u">root://eospublic.cern.ch//eos/opendata/alice/modules/alice-raa.tgz</subfield>
      <subfield code="s">15469921</subfield>
    </datafield>
    <datafield tag="980" ind1=" " ind2=" ">
      <subfield code="a">ALICE-Tools</subfield>
    </datafield>
  </record>