
  <record>
    <controlfield tag="001">1203</controlfield>
    <datafield tag="110" ind1=" " ind2=" ">
      <subfield code="a">ALICE Collaboration</subfield>
    </datafield>
    <datafield tag="245" ind1=" " ind2=" ">
      <subfield code="a">ALICE bootstrap analysis module</subfield>
    </datafield>
    <datafield tag="256" ind1=" " ind2=" ">
      <subfield code="a">Software</subfield>
      <subfield code="f">1</subfield>
      <subfield code="t">file</subfield>
    </datafield>
    <datafield tag="256" ind1=" " ind2=" ">
      <subfield code="b">42415</subfield>
      <subfield code="t">bytes in total</subfield>
    </datafield>
    <datafield tag="260" ind1=" " ind2=" ">
      <subfield code="b">CERN Open Data Portal</subfield>
      <subfield code="c">2012</subfield>
    </datafield>
    <datafield tag="693" ind1=" " ind2=" ">
      <subfield code="a">CERN-LHC</subfield>
      <subfield code="e">ALICE</subfield>
    </datafield>
    <datafield tag="856" ind1="7" ind2=" ">
      <subfield code="2">xrootd</subfield>
      <subfield code="u">root://eospublic.cern.ch//eos/opendata/alice/modules/bootstrap.tgz</subfield>
      <subfield code="s">42540</subfield>
    </datafield>
    <datafield tag="980" ind1=" " ind2=" ">
      <subfield code="a">ALICE-Tools</subfield>
    </datafield>
  </record>
</collection>
